@article{lee2021all,
	title={All one needs to know about metaverse: A complete survey on technological singularity, virtual ecosystem, and research agenda},
	author={Lee, Lik-Hang and Braud, Tristan and Zhou, Pengyuan and Wang, Lin and Xu, Dianlei and Lin, Zijun and Kumar, Abhishek and Bermejo, Carlos and Hui, Pan},
	journal={arXiv preprint arXiv:2110.05352},
	year={2021}
}

@article{bansal2022healthcare,
	title={Healthcare in metaverse: A survey on current metaverse applications in healthcare},
	author={Bansal, Gaurang and Rajgopal, Karthik and Chamola, Vinay and Xiong, Zehui and Niyato, Dusit},
	journal={IEEE Access},
	volume={10},
	pages={119914--119946},
	year={2022}
}

@article{shao2023medical,
	title={MEDICAL METAVERSE: TECHNOLOGIES, APPLICATIONS, CHALLENGES AND FUTURE},
	author={Shao, Liangjing and Tang, Wei and Zhang, Ziqun and Chen, Xinrong},
	journal={Journal of Mechanics in Medicine and Biology},
	volume={23},
	number={02},
	pages={2350028},
	year={2023},
	publisher={World Scientific}
}

@article{yendurimetaverse,
	title={Metaverse for Healthcare: A Survey on Potential Applications, Challenges and Future Directions},
	author={YENDURI, GOKUL and JHAVERI, RUTVIJ H and ALAZAB, MAMOUN and MADDIKUNTA, REDDY and GADEKALLU, THIPPA REDDY},
	journal={Journal of Medical Systems},
	year={2023}
}

@inproceedings{suh2023current,
	title={Current Perspective of Metaverse Application in Medical Education, Research and Patient Care},
	author={Suh, Irene and McKinney, Tess and Siu, Ka-Chun},
	booktitle={Virtual Worlds},
	volume={2},
	number={2},
	pages={115--128},
	year={2023},
	organization={MDPI}
}

@article{bashir2023federated,
	title={Federated Learning for the Healthcare Metaverse: Concepts, Applications, Challenges, and Future Directions},
	author={Bashir, Ali Kashif and Victor, Nancy and Bhattacharya, Sweta and Huynh-The, Thien and Chengoden, Rajeswari and Yenduri, Gokul and Maddikunta, Praveen Kumar Reddy and Pham, Quoc-Viet and Gadekallu, Thippa Reddy and Liyanage, Madhusanka},
	journal={IEEE Internet of Things Journal},
	year={2023},
	publisher={IEEE}
}

@article{baskar2022revolutionizing,
	author={Baskar, Kala},
	year={2022},
	month={07},
	title={Revolutionizing Medical Education with Metaverse},
	journal={International Journal of Scientific Research in Computer Science, Engineering and Information Technology},
	doi={10.32628/CSEIT22844}
}

@incollection{juan2023metaverse,
	author={Juan Antonio Juanes Méndez},
	title={The Metaverse in Medical Education and Clinical Practice},
	year={2023},
	pages={157--164},
	doi={10.1007/978-981-99-0942-1_15},
	booktitle={Handbook of Healthcare in the Metaverse},
	publisher={Springer}
}

@inbook{velazquez2021virtual,
	author={Velazquez-Pimentel, Diana and Hurkxkens, Thomas and Nehme, Jean},
	title={A Virtual Reality for the Digital Surgeon},
	year={2021},
	pages={183--201},
	doi={10.1007/978-3-030-49100-0_14},
	booktitle={Virtual Reality in Surgery}
}

@article{pottle2019virtual,
	author={Jack Pottle},
	title={Virtual reality and the transformation of medical education},
	year={2019},
	journal={Future Healthcare Journal},
	volume={6},
	number={3},
	pages={181--185},
	doi={10.7861/FHJ.2019-0036}
}

@inproceedings{papagiannakis2018virtual,
	author={George Papagiannakis and Nick Lydatakis and Steve Kateros and Stelios Georgiou and Paul Zikas},
	title={A Virtual Environment for Training and Assessment of Surgical Teams},
	year={2018},
	pages={17--26},
	doi={10.1145/3283289.3283291},
	booktitle={Proceedings of the ACM Symposium on Virtual Reality}
}

@proceedings{ProceedingsArticle,
	title={Transforming medical education and training with VR using M.A.G.E.S.},
	author={George Papagiannakis and Nick Lydatakis and Steve Kateros and Stelios Georgiou and Paul Zikas},
	year={2018},
	publisher={ACM},
	doi={10.1145/3283289.3283291}
}

@article{JournalArticle,
	title={Virtual Reality in Medicine},
	author={Hrvoje Brajčić and Mirna Šitum},
	year={2020},
	publisher={Hrvatska akademija znanosti i umjetnosti},
	volume={543},
	pages={37-42},
	doi={10.21857/YQ32OH2JN9}
}

@book{riener2012virtual,
	title={Virtual Reality in Medicine},
	author={Robert Riener and Matthias Harders},
	year={2012},
	publisher={Springer},
	address={Berlin, Heidelberg}
}
@article{Yang,
    title={Virtual reality technology and its application in modern medicine},
    author={Yang, Yi},
    journal={Information \& Computation},
    year={2003}
}

@Book{BookChapter,
        title={ Role of virtual reality for healthcare education },   
        year={ 2023 },
        publisher={ Elsevier eBooks },
        pages={ 95-113 },
        doi={ 10.1016/b978-0-323-98381-5.00016-7 },  
      }

@misc{metaverse-market,
    title = {Report Code: 1781},
    author = {{Precedence Research}},
    note = {Category: ICT, No. of Pages: 150+, Format: PDF/PPT/Excel, Published: February 2024, Historical Year: 2021-2022, Base Year: 2023, Estimated Years: 2024-2033},
    year = {2024},
    url = {https://www.precedenceresearch.com/research-report/ict-market}
}

@misc{visual-studio-icon,
	author       = {Microsoft},
	title        = {Visual Studio Icon},
	year         = {February 1993},
	note  = { \url{https://tinyurl.com/mryj5drf}},
}

@misc{git-logo,
	author = {Linus Torvalds},
	title = {git logo},
	year = {7 April 2005},
	note  = { \url{https://tinyurl.com/ybx33vk2}},
}

@misc{github-logo,
	author = {Chris Wanstrath, P. J. Hyett, Tom Preston-Werner, and Scott Chacon},
	title = {GitHub logo},
	year = {8 February 2008},
	note  = { \url{https://tinyurl.com/4v6fzea5}},
}

@misc{csharp,
	author = {Anders Hejlsberg, Mads Torgersen},
	title = {c sharp logo},
	year = {2000},
	note  = { \url{https://tinyurl.com/2h297drd}},
}

@misc{blender,
	author = {Ton Roosendaal},
	title = {blender logo},
	year = {January 2, 1994},
	note  = { \url{https://tinyurl.com/yjvmu2k7}},
}


@misc{Unity,
	author = {Unity Technologies},
	title = {unity logo},
	year = {June 8, 2005},
	note  = { \url{https://tinyurl.com/2uamt6p8}},
}


@misc{vrtk,
	author = {Thestonefox},
	title = {VRTK (Virtual Reality Tool Kit) logo},
	year = {2016},
	note  = {\url{https://tinyurl.com/2s35hpwu}},
}

@misc{meta,
	author = {TheFacebook, Inc. (2004–2005)},
	title = {Meta logo},
	founder = {Mark Zuckerberg, Eduardo Saverin, Andrew McCollum, Dustin Moskovitz, Chris Hughes},
	year = {January 4, 2004},
	note  = { \url{https://tinyurl.com/5fkkp63x}},
}

@misc{metaquest,
	author = {Reality Labs},
	title = {Meta Quest logo},
	year = {October 13, 2020},
	note  = { \url{https://tinyurl.com/2seud6w3}},
}

@misc{journalarticle4,
title={ Next-Gen Mulsemedia: Virtual Reality Haptic Simulator’s Impact on Medical Practitioner for Higher Education Institutions },
authors={ Abhishek Kumar and Bhavana Srinivasan and Abdul Khader Jilani Saudagar and Abdullah Altameem and Mohammed Saad Alkhathami and Badr Alsamani and Muhammad Badruddin Khan and Zakir Hussain Ahmed and Ankit Kumar and Kamred Udham Singh },
journal={ Electronics },
year={ 2023 },
volume={ 12 },
pages={ 356-356 },
number={ 2 },


doi={ 10.3390/electronics12020356 },  
}


@misc{JournalArticle5,
	title={ Virtual reality in medical institutions: Innovative tool to strengthen the process of delivery of medical education },
	authors={ Saurabh RamBihariLal Shrivastava and Prateek Saurabh Shrivastava },
	journal={ Journal of the Scientific Society },
	year={ 2023 },
	
	volume={ 50 },
	pages={ 23-27 },
	number={ 1 },
	
	
	doi={ 10.4103/jss.jss_159_21 },  
}
@misc{Journal1,
	title={ Digital Transformation Will Change Medical Education and Rehabilitation in Spine Surgery },
	authors={ Tadatsugu Morimoto and Hirohito Hirata and Masaya Ueno and Norio Fukumori and Tatsuya Sakai and Maki Sugimoto and Takaomi Kobayashi and Masatsugu Tsukamoto and Tomohito Yoshihara and Yuta Toda and Yasutomo Oda and Koji Otani and Masaaki Mawatari },
	journal={ Medicina-lithuania },
	year={ 2022 },
	volume={ 58 },
	pages={ 508-508 },
	number={ 4 },
	doi={ 10.3390/medicina58040508 },  
}

@misc{JournalArticle2,
	title={ A Virtual Operating Room for Context-Relevant Training },
	authors={ Mark W. Scerbo and Lee A. Belfore and Hector M. Garcia and Leonard J. Weireter and Michael W. Jackson and Amber Nalu and Emre Baydogan and James P. Bliss and Jennifer Seevinck },
	year={ 2007 },
	publisher={ SAGE Publications },
	volume={ 51 },
	pages={ 507-511 },
	number={ 6 },
	doi={ 10.1177/154193120705100604 },  
}

@misc{JournalArticle3,
	title={ Virtual reality surgical training and assessment system },
	authors={ Céline Paloc and Richard I. Kitney and Fernando Bello and Ara Darzi },
	year={ 2001 },
	publisher={ Elsevier },
	volume={ 1230 },
	pages={ 210-217 },
	doi={ 10.1016/S0531-5131(01)00038-3 },  
}

@misc{JournalArticle6,
	title={ Application of Virtual Reality Technology and Its Impact On Digital Health In Healthcare Industry. },
	authors={ Wenli Lian },
	journal={ Journal of Commercial Biotechnology },
	year={ 2023 },
	
	volume={ 27 },
	
	number={ 4 },
	
	
	doi={ 10.5912/jcb1320 },  
}

@misc{JournalArticle7,
	title={ The history of simulation in medical education and possible future directions. },
	authors={ Paul Bradley },
	journal={ Medical Education },
	year={ 2006 },
	publisher={ Med Educ },
	volume={ 40 },
	pages={ 254-262 },
	number={ 3 },
	doi={ 10.1111/J.1365-2929.2006.02394.X },  
}

@misc{JournalArticle8,
	title={ The history of medical simulation },
	authors={ Kathleen R. Rosen },
	journal={ Journal of Critical Care },
	year={ 2008 },
	publisher={ Elsevier },
	volume={ 23 },
	pages={ 157-166 },
	number={ 2 },
	doi={ 10.1016/J.JCRC.2007.12.004 },  
}

@misc{JournalArticle9,
	title={ Medical Education System Based on Metaverse Platform: A Game Theoretic Approach },
	authors={ Harsh Raj and Rudrashish Das and Anjan Bandyopadhyay and Sujata Swain },
	year={ 2023 },
	pages={ 1-6 },
	doi={ 10.1109/ICIEM59379.2023.10165921 },  
}

@misc{JournalArticle10,
	title={ Current Perspective of Metaverse Application in Medical Education, Research and Patient Care },
	authors={ Irene H. Suh and T.E. Mckinney and Ka Chun Siu },
	year={ 2023 },
	volume={ 2 },
	pages={ 115-128 },
	number={ 2 },
	doi={ 10.3390/virtualworlds2020007 },  
}

@MISC{JournalArticle11,
	title={ Utilizing the metaverse in anatomy and physiology },
	authors={ Christian Moro },
	journal={ Anatomical Sciences Education },
	year={ 2022 },
	
	volume={ 16 },
	pages={ 574-581 },
	number={ 4 },
	
	
	doi={ 10.1002/ase.2244 },  
}

@misc{BookChapter1,
	title={ Interacting with virtual reality },
	authors={ M. M. Wloka },
	year={ 1995 },
	publisher={ Springer, Boston, MA },
	pages={ 199-212 },
	doi={ 10.1007/978-0-387-34904-6_16 },  
}

@misc{JournalArticle12,
	title={ Development of metaverse for intelligent healthcare },
	authors={ Michael W. Vannier and Xuan Tang and Lenin Kanagasabai and Filip Olsson },
	journal={ Nature Machine Intelligence },
	year={ 2022 },
	publisher={ Nature Machine Intelligence },
	volume={ 4 },
	pages={ 922-929 },
	number={ 11 },
	
	
	doi={ 10.1038/s42256-022-00549-6 },  
}